%% This BibTeX bibliography file was created using BibDesk.
%% http://bibdesk.sourceforge.net/


%% Created for Mina at 2015-07-30 14:57:08 -0400 


%% Saved with string encoding Unicode (UTF-8) 

@string{JAN = "January"}
@string{FEB = "February"}
@string{MAR = "March"}
@string{APR = "April"}
@string{MAY = "May"}
@string{JUN = "June"}
@string{JUL = "July"}
@string{AUG = "August"}
@string{SEP = "September"}
@string{OCT = "October"}
@string{NOV = "November"}
@string{DEC = "December"}

@string{NSDI = "Networked Systems Design and Implementation"}
@string{CONEXT = "ACM SIGCOMM CoNEXT Conference"}
@string{HOTSDN = "Hot Topics in Software-Defined Networks"}
@string{POPL = "ACM SIGPLAN--SIGACT Symposium on Principles of Programming Languages"}
@string{ICFP = "ACM SIGPLAN International Conference on Functional Programming"}
@string{SIGCOMM = "ACM SIGCOMM"}
@string{IEEETN = "IEEE/ACM Transactions on Networking"}
@string{SOSR = "ACM SIGCOMM Symposium on SDN Research"}
@string{ICFP = "ACM SIGPLAN International Conference on Functional Programming"}
@string{CCR = "ACM SIGCOMM Computer Communications Review"}
@string{INFOCOM = "IEEE INFOCOM"}
@string{HOTNETS = "ACM SIGCOMM Hot Topics in Networking"}

@IEEEtranBSTCTL{bstctl:etal,
  CTLuse_forced_etal = {yes},
  CTLmax_names_forced_etal = {3},
}

@IEEEtranBSTCTL{bstctl:nodash,
  CTLdash_repeated_names = {no},
}

@IEEEtranBSTCTL{bstctl:simpurl,
  CTLname_url_prefix = {Available: },
}

@book{lamport94,
    author    = "Leslie Lamport",
    title     = "{\LaTeX: A Document Preparation System}",
    year      = "1994",
    publisher = "Addison-Wesley",
    edition = "2nd",
    address   = "Reading, Massachusetts"
}

@inproceedings{nicepaper,
  author = "Yu, Minlan and Jose, Lavanya and Miao, Rui",
  title = "A Very Nice Paper To Cite",
  year = "2000",
  booktitle = "International Symposium on Computer Architecture"
}

@inproceedings{nicepaper2,
  author = "Firstname1 Lastname1 and Firstname2 Lastname2",
  title = "Another Very Nice Paper To Cite",
  year = "2001",
  booktitle = "International Symposium on Computer Architecture"
}

@inproceedings{yu2013software,
  title="Software Defined Traffic Measurement with {OpenSketch}",
  author="Yu, Minlan and Jose, Lavanya and Miao, Rui",
   booktitle={USENIX NSDI},
  year="2013"
}

@article{cormode2005improved,
  title={An improved data stream summary: The count-min sketch and its applications},
  author={Cormode, Graham and Muthukrishnan, S},
  journal={Journal of Algorithms},
  volume={55},
  number={1},
  pages={58--75},
  year={2005},
  publisher={Elsevier}
}

@inproceedings{schweller2004reversible,
  title={Reversible sketches for efficient and accurate change detection over network data streams},
  author={Schweller, Robert and Gupta, Ashish and Parsons, Elliot and Chen, Yan},
  booktitle={ACM IMC},
  year={2004}
}

@inproceedings{kumar2004data,
  title={Data streaming algorithms for efficient and accurate estimation of flow size distribution},
  author={Kumar, Abhishek and Sung, Minho and Xu, Jun Jim and Wang, Jia},
  booktitle={ACM SIGMETRICS Performance Evaluation Review},
  volume={32},
  number={1},
  pages={177--188},
  year={2004},
  organization={ACM}
}

@inproceedings{jose2011online,
  title={Online measurement of large traffic aggregates on commodity switches},
  author={Jose, Lavanya and Yu, Minlan and Rexford, Jennifer},
  booktitle={USENIX Hot-ICE},
  year={2011}
}

@inproceedings{kompella2009every,
  title={Every microsecond counts: tracking fine-grain latencies with a lossy difference aggregator},
  author={Kompella, Ramana Rao and Levchenko, Kirill and Snoeren, Alex C and Varghese, George},
  booktitle={ACM SIGCOMM Computer Communication Review},
  volume={39},
  number={4},
  pages={255--266},
  year={2009},
  organization={ACM}
}

@article{lee2010finecomb,
  title={FineComb: Measuring Microscopic Latencies and Losses in the Presence of Reordering},
  author={Lee, Myungjin and Goldberg, Sharon and Kompella, Ramana Rao and Varghese, George},
  year={2010}
}

@article{vocking2003asymmetry,
  title={How asymmetry helps load balancing},
  author={V{\"o}cking, Berthold},
  journal={Journal of the ACM (JACM)},
  volume={50},
  number={4},
  pages={568--589},
  year={2003},
  publisher={ACM}
}

@article{feamster2013road,
  title={The road to SDN},
  author={Feamster, Nick and Rexford, Jennifer and Zegura, Ellen},
  journal={Queue},
  volume={11},
  number={12},
  pages={20},
  year={2013},
  publisher={ACM}
}

@incollection{kirsch2010hash,
  title={Hash-based techniques for high-speed packet processing},
  author={Kirsch, Adam and Mitzenmacher, Michael and Varghese, George},
  booktitle={Algorithms for Next Generation Networks},
  pages={181--218},
  year={2010},
  publisher={Springer}
}

@article{kang2015alpaca,
  title={Alpaca: Compact Network Policies with Attribute-Carrying Addresses},
  author={Kang, Nanxi and Rottenstreich, Ori and Rao, Sanjay and Rexford, Jennifer},
  year={2015}
}

@inproceedings{benson2010network,
  title={Network traffic characteristics of data centers in the wild},
  author={Benson, Theophilus and Akella, Aditya and Maltz, David A},
  booktitle={ACM IMC},
  year={2010}
}

@incollection{metwally2005efficient,
  title={Efficient computation of frequent and top-k elements in data streams},
  author={Metwally, Ahmed and Agrawal, Divyakant and El Abbadi, Amr},
  booktitle={International Conference on Database Theory},
  year={2005},
  publisher={Springer}
}

@article{bosshart2014p4,
  title={P4: Programming protocol-independent packet processors},
  author={Bosshart, Pat and Daly, Dan and Gibb, Glen and Izzard, Martin and McKeown, Nick and Rexford, Jennifer and Schlesinger, Cole and Talayco, Dan and Vahdat, Amin and Varghese, George and Walker, David},
  journal={ACM SIGCOMM Computer Communication Review},
  volume={44},
  number={3},
  pages={87--95},
  year={2014},
  publisher={ACM}
}

@inproceedings{afek2015sampling,
  title={Sampling and Large Flow Detection in SDN},
  author={Afek, Yehuda and Bremler-Barr, Anat and Landau Feibish, Shir and Schiff, Liron},
  booktitle={Proceedings of the 2015 ACM Conference on Special Interest Group on Data Communication},
  pages={345--346},
  year={2015},
  organization={ACM}
}

@article{mckeown2008openflow,
  title={{OpenFlow}: Enabling innovation in campus networks},
  author={McKeown, Nick and Anderson, Tom and Balakrishnan, Hari and Parulkar, Guru and Peterson, Larry and Rexford, Jennifer and Shenker, Scott and Turner, Jonathan},
  journal={ACM SIGCOMM Computer Communication Review},
  volume={38},
  number={2},
  pages={69--74},
  year={2008},
  publisher={ACM}
}

@incollection{kirsch2010hash,
  title={Hash-based techniques for high-speed packet processing},
  author={Kirsch, Adam and Mitzenmacher, Michael and Varghese, George},
  booktitle={Algorithms for Next Generation Networks},
  pages={181--218},
  year={2010},
  publisher={Springer}
}

@inproceedings{li2016flowradar,
  title={{FlowRadar}: A Better {NetFlow} for Data Centers},
  author={Li, Yuliang and Miao, Rui and Kim, Changhoon and Yu, Minlan},
  booktitle={USENIX NSDI},
  year={2016}
}

@article{estan2002new,
  title={New directions in traffic measurement and accounting},
  author={Estan, Cristian and Varghese, George},
  journal = "ACM Trans. Computer Systems",
  volume={21},
  number={3},
  year={2003},
  publisher={ACM}
}

@inproceedings{tpp,
  title={Tiny packet programs for low-latency network control and monitoring},
  author={Jeyakumar, Vimalkumar and Alizadeh, Mohammad and Kim, Changhoon and Mazi{\`e}res, David},
  booktitle={ACM HotNets},
  year={2013}
}

@inproceedings{RMT,
  title={Forwarding metamorphosis: Fast programmable match-action processing in hardware for {SDN}},
  author={Bosshart, Pat and Gibb, Glen and Kim, Hun-Seok and Varghese, George and McKeown, Nick and Izzard, Martin and Mujica, Fernando and Horowitz, Mark},
  booktitle={ACM SIGCOMM},
  year={2013}
}

@article{misra1982finding,
  title={Finding repeated elements},
  author={Misra, Jayadev and Gries, David},
  journal={Science of computer programming},
  volume={2},
  number={2},
  pages={143--152},
  year={1982},
  publisher={Elsevier}
}

@inproceedings{manku2002approximate,
  title={Approximate frequency counts over data streams},
  author={Manku, Gurmeet Singh and Motwani, Rajeev},
  booktitle={{VLDB} Endowment},
  year={2002}
}

@inproceedings{hh-cormode-survey,
  title={Finding frequent items in data streams},
  author={Cormode, Graham and Hadjieleftheriou, Marios},
  booktitle={{VLDB} Endowment},
  year={2008}
}



@Online{netflow,
 title={Netflow},
 note={\url{https://www.ietf.org/rfc/rfc3954.txt.}},
}

@misc{cisco-netflow,
 title={Netflow},
 author = {{Cisco Networks}},
 note={\url{http://www.cisco.com/c/en/us/products/ios-nx-os-software/ios-netflow/index.html}},
}

@inproceedings{charikar2002finding,
  title={Finding frequent items in data streams},
  author={Charikar, Moses and Chen, Kevin and Farach-Colton, Martin},
  booktitle={Springer ICALP},
  year={2002}
}

@article{group-testing,
 author = {Cormode, Graham and Muthukrishnan, S.},
 title = {What's Hot and What's Not: Tracking Most Frequent Items Dynamically},
 journal = {ACM Trans. Database Syst.},
 issue_date = {2005},
 volume = {30},
 number = {1},
 year = {2005}
}

@article{cormode2005s,
  title={What's new: Finding significant differences in network data streams},
  author={Cormode, Graham and Muthukrishnan, S},
  journal={IEEE/ACM Trans. Netw.},
  volume={13},
  number={6},
  pages={1219--1232},
  year={2005}
}

@inproceedings{hedera,
 author = {Al-Fares, Mohammad and Radhakrishnan, Sivasankar and Raghavan, Barath and Huang, Nelson and Vahdat, Amin},
 title = {Hedera: Dynamic Flow Scheduling for Data Center Networks},
 booktitle = {USENIX NSDI},
 year = {2010}
}

@inproceedings{pifo,
 author = {Sivaraman, Anirudh and Subramanian, Suvinay and Alizadeh, Mohammad and Chole, Sharad and Chuang, Shang-Tse and Agrawal, Anurag and Balakrishnan, Hari and Edsall, Tom and Katti, Sachin and McKeown, Nick},
 title = {Programmable Packet Scheduling at Line Rate},
 booktitle = {ACM SIGCOMM},
 year = {2016}
}

@inproceedings{microTE,
 author = {Benson, Theophilus and Anand, Ashok and Akella, Aditya and Zhang, Ming},
 title = {{MicroTE}: Fine Grained Traffic Engineering for Data Centers},
 booktitle = {ACM CoNEXT},
 year = {2011}
}

@inproceedings{network-wide-anomalies,
 author = {Lakhina, Anukool and Crovella, Mark and Diot, Christiphe},
 title = {Characterization of Network-wide Anomalies in Traffic Flows},
 booktitle={ACM IMC},
 year = {2004}
} 

@article{netscope,
 author = {Feldmann, A. and Greenberg, A. and Lund, C. and Reingold, N. and Rexford, J.},
 title = {{NetScope}: Traffic Engineering for {IP} Networks},
 journal = {IEEE Network Magazine},
 volume = {14},
 number = {2},
 year = {2000},
 pages = {11--19}
}

@inproceedings{theo-dc-traffic,
 author = {Benson, Theophilus and Akella, Aditya and Maltz, David A.},
 title = {Network Traffic Characteristics of Data Centers in the Wild},
  booktitle={ACM IMC},
 year = {2010}
} 

@misc{barefoot-tofino,
 author={{Barefoot Networks}},
 title = {{Barefoot Tofino}},
 note={\url{https://www.barefootnetworks.com/technology/}},
}

@misc{barefoot-whitepaper,
 author = {{Barefoot Networks}},
 title = {{The world's fastest and most programmable networks}},
 note = {\url{
                  {https://barefootnetworks.com/media/white_papers/Barefoot-Worlds-Fastest-Most-Programmable-Networks.pdf}}},
}



@inproceedings{domino,
 author = {Sivaraman, Anirudh and Cheung, Alvin and Budiu, Mihai and Kim, Changhoon and Alizadeh, Mohammad and Balakrishnan, Hari and Varghese, George and McKeown, Nick and Licking, Steve},
 title = {Packet Transactions: High-Level Programming for Line-Rate Switches},
 booktitle = {ACM SIGCOMM},
 year = {2016}
}

@misc{int,
title = {{In-band Network Telemetry}},
author = {{P4 consortium}},
howpublished = "\url{https://github.com/p4lang/p4factory/tree/master/apps/int}"
}

@inproceedings{univmon,
 author = {Liu, Zaoxing and Manousis, Antonis and Vorsanger, Gregory and Sekar, Vyas and Braverman, Vladimir},
 title = {One Sketch to Rule Them All: Rethinking Network Flow Monitoring with {UnivMon}},
 booktitle = {ACM SIGCOMM},
 year = {2016}
}

@misc{sflow-sampling-rate,
  title = {{SFlow sampling rates}},
  author = {Peter Phaal},
  note={\url{{http://blog.sflow.com/2009/06/sampling-rates.html}}},
}

@misc{p4-bm,
  title = {{P4 Switch Behavioral Model}},
  author = {{P4 Language Consortium}},
  note={\url{https://github.com/p4lang/behavioral-model}},
}

@misc{caida,
 title = {{The CAIDA UCSD Anonymized Internet Traces 2016 - March}},
 author = {{CAIDA}},
 note={\url{http://www.caida.org/data/passive/passive_2016_dataset.xml}},
}

@inproceedings{duffield-flow-distributions,
 author = {Duffield, Nick and Lund, Carsten and Thorup, Mikkel},
 title = {Estimating Flow Distributions from Sampled Flow Statistics},
 booktitle = {Proceedings of the 2003 Conference on Applications, Technologies, Architectures, and Protocols for Computer Communications},
 series = {SIGCOMM '03},
 year = {2003},
 isbn = {1-58113-735-4},
 location = {Karlsruhe, Germany},
 pages = {325--336},
 numpages = {12},
 url = {http://doi.acm.org/10.1145/863955.863992},
 doi = {10.1145/863955.863992},
 acmid = {863992},
 publisher = {ACM},
 address = {New York, NY, USA},
 keywords = {IP flows, maximum likelihood estimation, packet sampling},
} 

@misc{sflow,
  author = {SFlow},
  note = {\url{http://sflow.org/}},
}

@misc{netflow-sampling-rate,
  author = {{NANOG mailing list}},
  title = {{SFlow vs NetFlow/IPFIX}},
  note =
                  {\url{https://mailman.nanog.org/pipermail/nanog/2016-February/thread.html#84418}},
}
  @Comment note =
  @Comment                 {\url{http://www.gossamer-threads.com/lists/engine?do=post_view_flat;post=187758;page=1;mh=-1;list=nanog;sb=post_latest_reply;so=ASC}},

@misc{sram-tcam-learning,
  title={Auto-learning of MAC addresses and lexicographic lookup of hardware database},
  author={Kumar, M. and Prasad, K.},
  url={https://www.google.com/patents/US20050141537},
  publisher={Google Patents},
  note={US Patent App. 10/747,332}
}

@book{cmos-vlsi-design-book,
 author = {Weste, Neil and Harris, David},
 title = {CMOS VLSI Design: A Circuits and Systems Perspective},
 publisher = {Addison-Wesley},
  year = {2010}
}

@misc{vlsi-memory-lecture,
 author = {{John Wawrzynek and Krste Asanovic and John Lazzaro and Yunsup Lee}},
 title = {{Memory (lecture)}},
 year = {2010},
 note = {\url{https://inst.eecs.berkeley.edu/~cs250/fa10/lectures/lec08.pdf}},
}

@misc{p4-v1.1-spec,
  author = {{The P4 Language Consortium}},
  title = {{The P4 Language Specification, Version 1.1.0 - Release Candidate}},
  month = JAN,
  year = {2016},
  note = {\url{http://p4.org/wp-content/uploads/2016/03/p4_v1.1.pdf}},
}

@misc{ovs-packet-recirculation,
 author = {{Simon Horman}},
 title = {{Packet recirculation}},
 year = {2013},
 note={\url{https://lwn.net/Articles/546476/}},
}

@misc{arista-7050-datasheet,
  author = {{Arista Networks}},
  title = {Arista 7050X Switch Architecture},
  year = {2014},
  note ={\url{https://www.corporatearmor.com/documents/Arista_7050X_Switch_Architecture_Datasheet.pdf}},
}

@inproceedings{devoflow,
 author = {Curtis, Andrew R. and Mogul, Jeffrey C. and Tourrilhes, Jean and Yalagandula, Praveen and Sharma, Puneet and Banerjee, Sujata},
 title = {{DevoFlow}: Scaling Flow Management for High-performance Networks},
 booktitle = {ACM SIGCOMM},
 year = {2011}
} 

@inproceedings{planck,
 author = {Rasley, Jeff and Stephens, Brent and Dixon, Colin and Rozner, Eric and Felter, Wes and Agarwal, Kanak and Carter, John and Fonseca, Rodrigo},
 title = {Planck: Millisecond-scale Monitoring and Control for Commodity Networks},
 booktitle = {ACM SIGCOMM},
 year = {2014}
}

@inproceedings{att-deriving-traffic-demands,
 author = {Feldmann, Anja and Greenberg, Albert and Lund, Carsten and Reingold, Nick and Rexford, Jennifer and True, Fred},
 title = {Deriving Traffic Demands for Operational IP Networks: Methodology and Experience},
 booktitle = {ACM SIGCOMM},
 year = {2000}
} 

@inproceedings{cacheflow,
 author = {Katta, Naga and Alipourfard, Omid and Rexford, Jennifer and Walker, David},
 title = {{CacheFlow}: Dependency-Aware Rule-Caching for Software-Defined Networks},
 booktitle = {ACM SOSR},
 year = {2016}
} 

@article{LossyToN,
  author    = {Ori Rottenstreich and
               J{\'{a}}nos Tapolcai},
  title     = {Optimal Rule Caching and Lossy Compression for Longest Prefix Matching},
  journal   = {{IEEE/ACM} Trans. Netw.},
  year      = {2017}
}

@misc{cavium-xpliant,
  title = {{Cavium and XPliant Introduce a Fully Programmable Switch Silicon
                  Family Scaling to 3.2 Terabits per Second}},
  author = {{Cavium}},
  note={\url{http://cavium.com/newsevents-} \url{
  Cavium-and-XPliant-Introduce-a} \url{-Fully-Programmable-Switch-Silicon-Family.html}},
}

@inproceedings{minions,
 author = {Jeyakumar, Vimalkumar and Alizadeh, Mohammad and Geng, Yilong and Kim, Changhoon and Mazi\`{e}res, David},
 title = {Millions of Little Minions: Using Packets for Low Latency Network Programming and Visibility},
 booktitle = {ACM SIGCOMM},
 year = {2014}
} 

@inproceedings{counterbraids,
 author = {Lu, Yi and Montanari, Andrea and Prabhakar, Balaji and Dharmapurikar, Sarang and Kabbani, Abdul},
 title = {Counter Braids: A Novel Counter Architecture for Per-flow Measurement},
 booktitle = {ACM SIGMETRICS},
 year = {2008}
}

@article{li-randomized-counter-sharing,
 author = {Li, Tao and Chen, Shigang and Ling, Yibei},
 title = {Per-flow Traffic Measurement Through Randomized Counter Sharing},
 journal = {IEEE/ACM Trans. Netw.},
 volume = {20},
 number = {5},
 year = {2012}
}

@misc{p4-sigcomm-tutorial-hh-example,
  author = {Sean Choi},
  year = {2016},
  title = {{Implementing Heavy-Hitter Detection}},
  note = {\url{https://github.com/p4lang/tutorials/tree/master/SIGCOMM_2016/heavy_hitter}}
}

@article{cuckoo-hashing,
 author = {Pagh, Rasmus and Rodler, Flemming Friche},
 title = {Cuckoo Hashing},
 journal = {J. Algorithms},
 issue_date = {May 2004},
 volume = {51},
 number = {2},
 month = may,
 year = {2004},
 issn = {0196-6774},
 pages = {122--144},
 numpages = {23},
 url = {http://dx.doi.org/10.1016/j.jalgor.2003.12.002},
 doi = {10.1016/j.jalgor.2003.12.002},
 acmid = {1006426},
 publisher = {Academic Press, Inc.},
 address = {Duluth, MN, USA},
 keywords = {data structures, dictionaries, experiments, hashing, information retrieval, searching},
}

@inproceedings{progme,
 author = {Yuan, Lihua and Chuah, Chen-Nee and Mohapatra, Prasant},
 title = {{ProgME}: Towards Programmable Network Measurement},
 booktitle = {ACM SIGCOMM},
 year = {2007}
}

@misc{bgp-neighbor-timer,
 author = {{Cisco networks}},
 title = {{Neighbor timers}},
 note = {\url{http://www.cisco.com/c/en/us/td/docs/ios/iproute_bgp/command/reference/irg_book/irg_bgp4.html}},
 year = {2013},
}

@misc{netflow-timer,
 author = {{Cisco networks}},
 title = {{Introduction to Cisco IOS NetFlow - A Technical Overview}},
 note = {\url{http://www.cisco.com/c/en/us/products/collateral/ios-nx-os-software/ios-netflow/prod_white_paper0900aecd80406232.html}},
 year = {2012},
}

@misc{intel-fm6000,
 author = {Recep Ozdag},
 title = {{Intel Ethernet Switch FM6000 Series - Software Defined Networking}},
 note = {\url{http://www.intel.com/content/dam/www/public/us/en/documents/white-papers/ethernet-switch-fm6000-sdn-paper.pdf}},
}